@online{jakarta_ee,
  author    = {Steven J. Vaughan-Nichols},
  title     = {Good-bye JEE, hello Jakarta EE},
  year      = {2018},
  url       = {https://www.zdnet.com/article/good-bye-jee-hello-jakarta-ee/},
  urldate   = {2023-10-28}
}

@online{wwf_geisternetz,
    author    = {WWF},
    title     = {Geisternetze - tödliche Gefahr},
    year      = {2018},
    url       = {https://www.wwf.de/themen-projekte/plastik/geisternetze},
    urldate   = {2023-10-30}
}


@online{design_thinking,
    author    = {Andreas Diehl},
    title     = {Design Thinking - Mit Methode komplexe Aufgaben lösen und neue Ideen entwickeln},
    year      = {2023},
    url       = {https://digitaleneuordnung.de/blog/design-thinking-methode},
    urldate   = {2023-11-24}
} 

@online{bmcsolid,
  author  = {Stephen Watts},
  title   = {The Importance of SOLID Design Principles},
  year    = {2020},
  url     = {https://www.bmc.com/blogs/solid-design-principles/},
  urldate = {2023-11-25}
}

